% Encoding: UTF-8

@book{computational_geometry,
    title = {Computational Geometry â€“ Algorithms and Applications},
    author = {Berg, Mark de and Kreveld, Marc van and Overmars, Mark and Schwarzkopf, Otfried},
    edition = {Second},
    year = {2000},
    publisher = {Springer},
    keywords = {computational geometry},
    chapter = {2},
    chaptertitle = {Line Segment Intersection - Thematic Map Overlay}
}


