@misc{A.Buys,
  author = {Alain Buys},
  title = {simulation- Notes de cours 2024-2025},
  year = {2024},
  institution = {Université de Mons}
}

@book{knuth1997art,
  title     = {The Art of Computer Programming, Volume 2: Seminumerical Algorithms},
  author    = {Knuth, Donald E.},
  edition   = {3},
  publisher = {Addison-Wesley},
  year      = {1997},
  address   = {Reading, Massachusetts},
  note      = {Chapitre 3 sur les générateurs aléatoires et tests statistiques}
}

@misc{python_random,
  title        = {Python {random} module documentation},
  howpublished = {\url{https://docs.python.org/3/library/random.html}},
  note         = {Documentation officielle du générateur Mersenne Twister},
  year         = {2023}
}

